@article{floau16,
    author = {Florian Aumann-Cleres},
    title = {Markerbasiertes Kalibrieren der kinematischen Kette und Aufstellen der Rueckwaertstransformation zwischen der Basis und dem Sensorkopf eines mobilen Roboters},
    year = {2016}
}
